@MISC {ide,
  author        = {Wikipedia},
  title         = {Integrated Development Environment},
  howpublished  = {\url{https://en.wikipedia.org/wiki/Integrated_development_environment}},
  note          = {Último acesso em: 21/02/2024}
}

@MISC {eclipse,
  author        = {{The Eclipse Foundation}},
  title         = {{Eclipse IDE for C/C++ Developers}},
  howpublished  = {\url{https://www.eclipse.org/downloads/packages/release/2023-12/r/eclipse-ide-cc-developers}},
  note          = {Último acesso em: 21/02/2024}
}

@MISC {codelite,
  author        = {Eran Ifrah},
  title         = {CodeLite},
  howpublished  = {\url{https://codelite.org}},
  note          = {Último acesso em: 21/02/2024}
}

@MISC {visual_studio,
  author        = {Microsoft},
  title         = {Visual Studio},
  howpublished  = {\url{https://visualstudio.microsoft.com}},
  note          = {Último acesso em: 21/02/2024}
}

@MISC {codeblocks,
  author        = {{The Code::Blocks Team}},
  title         = {Code::Blocks},
  howpublished  = {\url{http://www.codeblocks.org}},
  note          = {Último acesso em: 21/02/2024}
}

@MISC {compiler,
  author        = {Wikipedia},
  title         = {Compiler},
  howpublished  = {\url{https://en.wikipedia.org/wiki/Compiler}},
  note          = {Último acesso em: 21/02/2024}
}

@MISC {gcc,
  author        = {{The GCC Team}},
  title         = {GCC, the GNU Compiler Collection},
  howpublished  = {\url{https://gcc.gnu.org}},
  note          = {Último acesso em: 21/02/2024}
}

@MISC {gcc_intro,
  author        = {Chua Hock-Chuan},
  title         = {GCC and Make -- Compiling, Linking and Building C/C++ Applications},
  howpublished  = {\url{https://www3.ntu.edu.sg/home/ehchua/programming/cpp/gcc_make.html}},
  note          = {Último acesso em: 21/02/2024}
}

@MISC {mingw64,
  author        = {{MinGW-W64 Project}},
  title         = {MinGW-W64 Overview},
  howpublished  = {\url{https://www.mingw-w64.org}},
  note          = {Último acesso em: 21/02/2024}
}

@MISC {ubuntu,
  author        = {{Canonical Ltd}},
  title         = {Ubuntu},
  howpublished  = {\url{https://ubuntu.com}}
}

@MISC {mint,
  author        = {{Linux Mark Institute}},
  title         = {Linux Mint},
  howpublished  = {\url{https://linuxmint.com}}
}

@MISC {debian,
  author        = {{Debian Project}},
  title         = {Debian},
  howpublished  = {\url{https://www.debian.org}}
}

@MISC {fedora,
  author        = {{Red Hat, Inc}},
  title         = {Fedora},
  howpublished  = {\url{https://getfedora.org}}
}

@MISC {opensuse,
  author        = {{SUSE LLC}},
  title         = {openSUSE},
  howpublished  = {\url{https://www.opensuse.org}}
}

@MISC {manjaro,
  author        = {{Manjaro Linux}},
  title         = {Manjaro},
  howpublished  = {\url{https://manjaro.org}}
}

@MISC {c_must,
  author        = {Harsh Agarwal},
  title         = {Why learning C Programming is a must?},
  howpublished  = {\url{https://www.geeksforgeeks.org/why-learning-c-programming-is-a-must}},
  note          = {Último acesso em: 21/02/2024}
}

@MISC {capuzzo_2021,
  author        = {Kristen Capuzzo},
  title         = {What is C programming?},
  howpublished  = {\url{https://blog.qwasar.io/blog/why-you-should-learn-c-programming}},
  note          = {Último acesso em: 21/02/2024}
}

@MISC {germain_c,
  author        = {H. James de St. Germain},
  title         = {The C Programming Language},
  howpublished  = {\url{https://www.cs.utah.edu/~germain/PPS/Topics/C_Language/the_C_language.html}},
  note          = {Último acesso em: 21/02/2024}
}

@BOOK {deitel_c,
  author        = {H. M. Deitel and P. J. Deitel},
  title         = {C How to Program},
  publisher     = {Pearson Education Inc},
  year          = {2016},
  address       = {Londres},
  edition       = {8}
}

@MISC {rasp_intro,
  author        = {{OpenSource.com}},
  title         = {What is a Raspberry Pi?},
  howpublished  = {\url{https://opensource.com/resources/raspberry-pi}},
  note          = {Último acesso em: 27/02/2024}
}

@MISC {rasp_spec,
  author        = {{Raspberry Pi}},
  title         = {Raspberry Pi 5 specifications},
  howpublished  = {\url{https://www.raspberrypi.com/products/raspberry-pi-5}},
  note          = {Último acesso em: 27/02/2024}
}

@MISC {fig_rasp,
  author        = "Raspberry Pi",
  title         = "Raspberry Pi 4 Model B",
  howpublished  = "\url{https://www.raspberrypi.com/products/raspberry-pi-4-model-b}",
  note          = "Último acesso em: 27/02/2024"
}

@MISC {rasp_doc,
  author        = {{Raspberry Foundation}},
  title         = {Raspberry Pi Documentation},
  howpublished  = {\url{https://www.raspberrypi.org/documentation}},
  note          = {Último acesso em: 27/02/2024}
}

@MISC {linux_basics,
  author        = {{4Linux}},
  title         = {O que é Linux?},
  howpublished  = {\url{https://www.4linux.com.br/o-que-e-linux}},
  note          = {Último acesso em: 27/02/2024}
}

@MISC {shell,
  author        = {{Fernando de Pol Mayer}},
  title         = {Introdução ao Shell Linux},
  howpublished  = {\url{http://leg.ufpr.br/~fernandomayer/aulas/ce083/shell-linux.html}},
  note          = {Último acesso em: 27/02/2024}
}

@MISC {linux_fhs_explained,
  author        = {{Chris Hoffman}},
  title         = {The Linux Directory Structure, Explained},
  howpublished  = {\url{https://www.howtogeek.com/117435/htg-explains-the-linux-directory-structure-explained}},
  note          = {Último acesso em: 27/02/2024}
}

@MISC {c_compilation_steps,
  author        = {Jennifer Huang},
  title         = {C Program Compilation Process},
  howpublished  = {\url{https://medium.com/@earthtojhuang/gcc-main-c-9f6ee2e6894b}},
  note          = {Último acesso em: 27/02/2024}
}

@MISC {gnu_make,
  author        = {{Free Software Foundation}},
  title         = {GNU Make},
  howpublished  = {\url{https://www.gnu.org/software/make}},
  note          = {Último acesso em: 27/02/2024}
}

@MISC {gpio_basics,
  author        = {Fazedores},
  title         = {Raspberry Pi B+: Introdução a Porta GPIO},
  howpublished  = {\url{https://blog.fazedores.com/raspberry-pi-b-introducao-porta-gpio}},
  note          = {Último acesso em: 27/02/2024}
}

@MISC {gpio_map,
  author        = {{Windows Dev Center}},
  title         = {Raspberry Pi 2 \& 3 Pin Mappings},
  howpublished  = {\url{https://docs.microsoft.com/en-us/windows/iot-core/learn-about-hardware/pinmappings/pinmappingsrpi}},
  note          = {Último acesso em: 27/02/2024}
}

@MISC {wiringpi_api,
  author        = {Sparkfun},
  title         = {C (WiringPi) API},
  howpublished  = {\url{https://learn.sparkfun.com/tutorials/raspberry-gpio#c-wiringpi-api}},
  note          = {Último acesso em: 27/02/2024}
}

@MISC {wiringpi_example,
  author        = {Sparkfun},
  title         = {C (WiringPi) Example},
  howpublished  = {\url{https://learn.sparkfun.com/tutorials/raspberry-gpio#c-wiringpi-example}},
  note          = {Último acesso em: 27/02/2024}
}

@MISC {bounce,
  author        = {Andrew Greensted},
  title         = {Switch Debouncing},
  howpublished  = {\url{http://www.labbookpages.co.uk/electronics/debounce.html}},
  note          = {Último acesso em: 27/02/2024}
}

@MISC {debounce,
  author        = {Rodrigo Almeida},
  title         = {Leitura de chaves mecânicas e o processo de debounce},
  howpublished  = {\url{https://embarcados.com.br/leitura-de-chaves-debounce}},
  note          = {Último acesso em: 27/02/2024}
}

@MISC {uart_basics,
  author        = {{Eletronics Hub}},
  title         = {Basics of UART Communication},
  howpublished  = {\url{https://www.electronicshub.org/basics-uart-communication}},
  note          = {Último acesso em: 27/02/2024}
}

@MISC {arduino_uno,
  author       = {{Arduino}},
  title        = {Arduino Uno Rev 3},
  howpublished = {\url{https://store.arduino.cc/usa/arduino-uno-rev3}},
  note         = {Último acesso em: 27/02/2024}
}

@MISC {arduino,
  author       = {{Arduino}},
  title        = {Arduino},
  howpublished = {\url{https://www.arduino.cc}},
  note         = {Último acesso em: 27/02/2024}
}

@MISC {arduino_pins,
  author        = {{Makerspaces}},
  title         = {Arduino for Beginners},
  howpublished  = {\url{https://www.makerspaces.com/arduino-uno-tutorial-beginners}},
  note          = {Último acesso em: 27/02/2024}
}

@MISC {arduino_int,
  author       = {{Arduino}},
  title        = {attachInterrupt() -- Arduino Reference},
  howpublished = {\url{https://www.arduino.cc/reference/en/language/functions/external-interrupts/attachinterrupt}},
  note         = {Último acesso em: 27/02/2024}
}

@MISC {arduino_ref,
  author       = {{Arduino}},
  title        = {Arduino Language Reference},
  howpublished = {\url{https://www.arduino.cc/reference/en}},
  note         = {Último acesso em: 27/02/2024}
}

@MISC {arduino_serial,
  author        = {{Arduino}},
  title         = {{Serial}},
  howpublished  = {\url{https://www.arduino.cc/reference/en/language/functions/communication/serial}},
  note          = {Último acesso em: 27/02/2024}
}

@MISC {display_lcd,
  author        = {Henrique Frank Werner Puhlmann},
  title         = {Módulo de Display LCD},
  howpublished  = {\url{https://www.embarcados.com.br/modulo-de-display-lcd}},
  note          = {Último acesso em: 24/04/2024}
}

@MISC {arduino_analog_input,
  author       = {Arduino},
  title        = {Analog Input Pins},
  howpublished = {\url{https://docs.arduino.cc/learn/microcontrollers/analog-input}},
  note         = {Último acesso em: 24/04/2024}
}

@MISC {arduino_analog_example,
  author       = {Arduino},
  title        = {Analog Input},
  howpublished = {\url{https://docs.arduino.cc/built-in-examples/analog/AnalogInput}},
  note         = {Último acesso em: 24/04/2024}
}

@MISC {servomotor,
  title         = "Servomotor",
  howpublished  = "\url{https://pt.wikipedia.org/wiki/Servomotor}",
  note          = "Último acesso em: 01/05/2024"
}

@MISC {servolib,
  title         = "Servo",
  howpublished  = "\url{https://www.arduino.cc/reference/en/libraries/servo}",
  note          = "Último acesso em: 01/05/2024"
}

@MISC {lcdlib,
  title         = "LiquidCrystal",
  howpublished  = "\url{https://www.arduino.cc/reference/en/libraries/liquidcrystal}",
  note          = "Último acesso em: 01/05/2024"
}

@BOOK {tanembaum2021,
  author        = {Tanembaum, Andrew S. and Feamster, Nick and Wetherall, David},
  title         = {Computer Networks},
  year          = {2021},
  edition       = {6th},
  publisher     = {Pearson Education Limited}
}

@BOOK {peterson2007,
  author        = {Peterson, Larry L and Davie, Bruce S},
  title         = {Computer networks: a systems approach},
  year          = {2007},
  publisher     = {Elsevier}
}

@MISC {tcp_ip_intro,
  author        = {Andrew T. Campbell},
  title         = {Socket Programming},
  howpublished  = {\url{https://www.cs.dartmouth.edu/~campbell/cs60/socketprogramming.html}},
  note          = {Último acesso em: 22/05/2024}
}

@MISC {socket_def,
  author        = {Oracle},
  title         = {What is a Socket?},
  howpublished  = {\url{https://docs.oracle.com/javase/tutorial/networking/sockets/definition.html}},
  note          = {Último acesso em: 22/05/2024}
}
@MISC {man_socket,
  author       = {Michael Kerrisk},
  title        = {socket(2) -- Linux manual page},
  howpublished = {\url{https://man7.org/linux/man-pages/man2/socket.2.html}},
  note         = {Último acesso em: 22/05/2024}
}

@MISC {man_connect,
  author       = {Michael Kerrisk},
  title        = {connect(2) -- Linux manual page},
  howpublished = {\url{https://man7.org/linux/man-pages/man2/connect.2.html}},
  note         = {Último acesso em: 22/05/2024}
}

@MISC {man_bind,
  author       = {Michael Kerrisk},
  title        = {bind(2) -- Linux manual page},
  howpublished = {\url{https://man7.org/linux/man-pages/man2/bind.2.html}},
  note         = {Último acesso em: 22/05/2024}
}

@MISC {man_listen,
  author       = {Michael Kerrisk},
  title        = {listen(2) -- Linux manual page},
  howpublished = {\url{https://man7.org/linux/man-pages/man2/listen.2.html}},
  note         = {Último acesso em: 22/05/2024}
}

@MISC {man_accept,
  author       = {Michael Kerrisk},
  title        = {accept(2) -- Linux manual page},
  howpublished = {\url{https://man7.org/linux/man-pages/man2/accept.2.html}},
  note         = {Último acesso em: 22/05/2024}
}

@MISC {man_recv,
  author       = {Michael Kerrisk},
  title        = {recv(2) -- Linux manual page},
  howpublished = {\url{https://man7.org/linux/man-pages/man2/recv.2.html}},
  note         = {Último acesso em: 22/05/2024}
}

@MISC {man_send,
  author       = {Michael Kerrisk},
  title        = {send(2) -- Linux manual page},
  howpublished = {\url{https://man7.org/linux/man-pages/man2/send.2.html}},
  note         = {Último acesso em: 22/05/2024}
}

@MISC {static,
  author       = {Khalil},
  title        = {All you need to know about C Static libraries},
  howpublished = {\url{https://dev.to/iamkhalil42/all-you-need-to-know-about-c-static-libraries-1o0b}},
  note         = {Último acesso em: 09/05/2025}
}

@MISC {carlosstatic,
  author       = {Carlos Barros},
  title        = {Understanding C static libraries},
  howpublished = {\url{https://medium.com/@cbarros7/understanding-c-static-libraries-de0f9658171f}},
  note         = {Último acesso em: 09/05/2025}
}

@MISC {tatuylonen2024,
  author        = "Tatu Ylonen",
  title         = "What is SSH (Secure Shell)?",
  year          = "2024",
  howpublished  = "\url{https://www.ssh.com/academy/ssh}",
  note          = "Último acesso em 11/05/2025"
}

@MISC {ssh_protocol,
  author        = "Tatu Ylonen",
  title         = "What is the Secure Shell (SSH) protocol?",
  year          = "2024",
  howpublished  = "\url{https://www.ssh.com/academy/ssh/protocol}",
  note          = "Último acesso em 11/05/2025"
}

@MISC {ssh_keys,
  author        = "Tatu Ylonen",
  title         = "What is an SSH Key? An Overview of SSH Keys",
  year          = "2024",
  howpublished  = "\url{https://www.ssh.com/academy/ssh-keys}",
  note          = "Último acesso em 11/05/2025"
}

@MISC {putty,
  title         = {{PuTTY - a free SSH and telnet client for Windows}},
  howpublished  = "\url{https://www.putty.org}",
  note          = "Último acesso em 11/05/2025"
}

@MISC {stepper,
  title         = {{Control of Stepping Motors -- A Tutorial}},
  author        = {Douglas W. Jones},
  howpublished  = {\url{https://homepage.divms.uiowa.edu/~jones/step}},
  note          = {Último acesso em 25/05/2025}
}

@MISC {stepper_types,
  title         = {{Stepper Motor Basics: PM vs VR vs Hybrid}},
  author        = {Johann Tang},
  howpublished  = {\url{https://blog.orientalmotor.com/stepper-motor-basics-pm-vs-vr-vs-hybrid}},
  note          = {Último acesso em 25/05/2025}
}
